<record><leader>00000cas a22000007a 4500</leader><controlfield tag="001">57671961</controlfield><controlfield tag="008">050216c20059999mauwr ne      0   k0kor c</controlfield><controlfield tag="009">467</controlfield><datafield ind1=" " ind2=" " tag="010"><subfield code="a">  2005213320</subfield></datafield><datafield ind1=" " ind2=" " tag="040"><subfield code="a">NSD</subfield><subfield code="b">eng</subfield><subfield code="c">NSD</subfield><subfield code="d">NSD</subfield><subfield code="d">DLC</subfield><subfield code="d">HMY</subfield><subfield code="d">OCLCQ</subfield></datafield><datafield ind1=" " ind2=" " tag="066"><subfield code="c">$1</subfield></datafield><datafield ind1=" " ind2=" " tag="012"><subfield code="k">1</subfield><subfield code="l">1</subfield></datafield><datafield ind1="1" ind2=" " tag="022"><subfield code="a">1554-6942</subfield><subfield code="l">1554-6942</subfield><subfield code="2">1</subfield></datafield><datafield ind1="1" ind2=" " tag="029"><subfield code="a">AU@</subfield><subfield code="b">000026728538</subfield></datafield><datafield ind1=" " ind2=" " tag="037"><subfield code="b">M.S. Chang, 93 Union St., Ste. 307, Newton, MA 02459&#769;&#774;</subfield></datafield><datafield ind1=" " ind2=" " tag="042"><subfield code="a">nsdp</subfield><subfield code="a">pcc</subfield></datafield><datafield ind1="1" ind2="0" tag="050"><subfield code="a">ISSN RECORD</subfield></datafield><datafield ind1=" " ind2="0" tag="222"><subfield code="a">To&#774; Bosu&#774;t'on K'orian</subfield></datafield><datafield ind1="0" ind2="0" tag="245"><subfield code="6">880-01</subfield><subfield code="a">To&#774; Bosu&#774;t'on K'orian =</subfield><subfield code="b">The Boston Korean.</subfield></datafield><datafield ind1="3" ind2="1" tag="246"><subfield code="a">Boston Korean</subfield></datafield><datafield ind1=" " ind2=" " tag="260"><subfield code="a">Newton, Mass. :</subfield><subfield code="b">M.S. Chang,</subfield><subfield code="c">2004-</subfield></datafield><datafield ind1=" " ind2=" " tag="300"><subfield code="a">v.</subfield></datafield><datafield ind1=" " ind2=" " tag="310"><subfield code="a">Weekly</subfield></datafield><datafield ind1="0" ind2=" " tag="362"><subfield code="a">Ch'angganho (Mar. 10, 2004)-</subfield></datafield><datafield ind1=" " ind2=" " tag="546"><subfield code="a">Korean and English</subfield></datafield><datafield ind1=" " ind2=" " tag="752"><subfield code="a">United States</subfield><subfield code="b">Massachusetts</subfield><subfield code="c">Middlesex</subfield><subfield code="d">Newton.</subfield></datafield><datafield ind1="0" ind2="0" tag="880"><subfield code="6">245-01/$1</subfield><subfield code="a">&#45908;&#48372;&#49828;&#53668;&#53076;&#47532;&#50504; =</subfield><subfield code="b">The Boston Korean.</subfield></datafield></record>